<?xml version="1.0" encoding="UTF-8"?><collection xmlns="http://www.loc.gov/MARC21/slim"><record><leader>00420nam--2200157-i-4500</leader><controlfield tag="001">000006963</controlfield><controlfield tag="002">20161230</controlfield><controlfield tag="005">20170123164546</controlfield><controlfield tag="008">060222s1000------------r-----000-0-eng-d</controlfield><datafield ind1=" " ind2=" " tag="245"><subfield code="a">Applications of computers to nuclear and radio chemistry</subfield></datafield><datafield ind1=" " ind2=" " tag="260"><subfield code="a">Washington</subfield><subfield code="b">U.S.Atomic Energy Commis</subfield><subfield code="c">1963</subfield></datafield><datafield ind1=" " ind2=" " tag="300"><subfield code="a">IX + 314 p</subfield></datafield><datafield ind1=" " ind2=" " tag="490"><subfield code="a">3107</subfield></datafield><datafield ind1=" " ind2=" " tag="700"><subfield code="a">O`Kelley, G. D</subfield></datafield><datafield ind1=" " ind2=" " tag="852"><subfield code="a">16281</subfield></datafield><datafield ind1=" " ind2=" " tag="CAT"><subfield code="a">SYS</subfield><subfield code="c">20170123</subfield><subfield code="h">164546</subfield></datafield></record></collection>